@Misc{Mathieu2020Dates,
  author =       {Mathieu, Edouard},
  title =        {Email exchange discussing dataset date recording approaches},
  year =         {2020},
  month =        {5},
  day =          {13},
  howpublished = {Private communication},
  organization = {Our World In data}
}
@Misc{Gardner2020Dates,
  author =       {Gardner, Lauren},
  title =        {Email exchange discussing dataset date recording approaches},
  year =         {2020},
  month =        {5},
  day =          {12},
  howpublished = {Private communication},
  organization = {Johns Hopkins University}
}
@Misc{Asmundsson2020Dates,
  author =       {Asmundsson, Jon},
  title =        {Email exchange discussing dataset date recording approaches},
  year =         {2020},
  month =        {5},
  day =          {6},
  howpublished = {Private communication},
  organization = {Bloomberg}
}

@Online{Stein2020Seem,
  author =       {Stein, Harvey},
  title =        {COVID-19 NYC Stats -- Not What They Seem},
  year =         {2020},
  month =        {4},
  day =          {21},
  url = {https://hjstein.blogspot.com/2020/04/covid-19-nyc-stats-not-what-they-seem.html},
  note = {Blog, Harvey J. Stein, Essays and commentary from a member of the quantitative community}
}


@Online{Stein2020Ray,
  author =       {Stein, Harvey},
  title =        {COVID-19 NYC Stats -- A Ray Of Hope},
  year =         {2020},
  month =        {4},
  day =          {7},
  url = {https://hjstein.blogspot.com/2020/04/covid-19-nyc-stats-ray-of-hope.html},
  note = {Blog, Harvey J. Stein, Essays and commentary from a member of the quantitative community}
}

@Online{Stein2020nycdata,
  author =       {Stein, Harvey},
  title =        {Analysis of NYC COVID-19 infection rate},
  year =         {2020},
  url = {https://github.com/hjstein/coronavirus-data},
  note = {Fork of \url{https://github.com/nychealth/coronavirus-data}}
}

@Online{Stein2020owiddata,
  author =       {Stein, Harvey},
  title =        {Analysis of Our World of Data's COVID-19 dataset},
  year =         {2020},
  url = {https://github.com/hjstein/covid-19-data},
  note = {Fork of \url{https://github.com/owid/covid-19-data}}
}

@Online{nyc2020data,
  author =       {{New York City}},
  title =        {NYC Health Coronavirus Data},
  year =         {2020},
  url = {https://github.com/nychealth/coronavirus-data}
}

@Online{owid2020data,
  author =       {OWID},
  title =        {Data on COVID-19 (coronavirus) confirmed cases, deaths, and tests, All countries, Updated daily by Our World in Data},
  year =         {2020},
  url = {https://github.com/owid/covid-19-data}
}

@Online{JHU2020data,
  author =       {{Johns Hopkins University}},
  title =        {Novel Coronavirus (COVID-19) Cases, provided by JHU CSSE},
  year =         {2020},
  url = {https://github.com/CSSEGISandData/COVID-19}
}

@Online{NYT2020data,
  author =       {{New York Times}},
  title =        {An ongoing repository of data on coronavirus cases and deaths in the U.S.},
  year =         {2020},
  url = {https://github.com/nytimes/covid-19-data}
}
